%! Author = pierre
%! Date = 18/06/2024

@misc{OpenStreetMap,
   author = {{OpenStreetMap contributors}},
   title = {{Planet dump retrieved from https://planet.osm.org }},
   howpublished = "\url{ https://www.openstreetmap.org }",
   year = {2017},
 }

@misc{FreedomMobility,
   author = {{FreedomMobility contributors}},
   title = {{How Fast Can an Electric Wheelchair Go?}},
   howpublished = "\url{ https://www.freedomhme.com/blog/post/how-fast-can-an-electric-wheelchair-go- }",
   year = {2023},
 }