%! Author = pierre
%! Date = 18/06/2024

@misc{DCRNN,
    title = {Diffusion Convolutional Recurrent Neural Network: Data-Driven Traffic Forecasting},
    author = {Yaguang Li and Rose Yu and Cyrus Shahabi and Yan Liu},
    year = {2018},
    eprint = {1707.01926},
    archivePrefix = {arXiv},
    primaryClass = {cs.LG},
    url = {https://arxiv.org/abs/1707.01926},
}

@misc{OpenStreetMap,
    author = {{OpenStreetMap contributors}},
    title = {{Planet dump retrieved from https://planet.osm.org }},
    howpublished = "\url{ https://www.openstreetmap.org }",
    year = {2017},
}

@misc{FreedomMobility,
    author = {{FreedomMobility contributors}},
    title = {{How Fast Can an Electric Wheelchair Go?}},
    howpublished = "\url{ https://www.freedomhme.com/blog/post/how-fast-can-an-electric-wheelchair-go- }",
    year = {2023},
}

@article{Shuman_2013,
    title = {The emerging field of signal processing on graphs: Extending high-dimensional data analysis to networks and other irregular domains},
    volume = {30},
    ISSN = {1053-5888},
    url = {http://dx.doi.org/10.1109/MSP.2012.2235192},
    DOI = {10.1109/msp.2012.2235192},
    number = {3},
    journal = {IEEE Signal Processing Magazine},
    publisher = {Institute of Electrical and Electronics Engineers (IEEE)},
    author = {Shuman, D. I. and Narang, S. K. and Frossard, P. and Ortega, A. and Vandergheynst, P.},
    year = {2013},
    month = may, pages = {83â€“98}
}

@article{Wu2019A,
    title = {A Comprehensive Survey on Graph Neural Networks},
    author = {Zonghan Wu and Shirui Pan and Fengwen Chen and Guodong Long and Chengqi Zhang and Philip S. Yu},
    journal = {IEEE Transactions on Neural Networks and Learning Systems},
    year = {2019},
    volume = {32},
    pages = {4-24},
    doi = {10.1109/TNNLS.2020.2978386}
}